@article{Cachazo:2013gna,
      author         = "Cachazo, Freddy and He, Song and Yuan, Ellis Ye",
      title          = "{Scattering equations and Kawai-Lewellen-Tye
                        orthogonality}",
      journal        = "Phys. Rev.",
      volume         = "D90",
      year           = "2014",
      number         = "6",
      pages          = "065001",
      doi            = "10.1103/PhysRevD.90.065001",
      eprint         = "1306.6575",
      archivePrefix  = "arXiv",
      primaryClass   = "hep-th",
      SLACcitation   = "%%CITATION = ARXIV:1306.6575;%%"
}


@article{Cachazo:2013hca,
      author         = "Cachazo, Freddy and He, Song and Yuan, Ellis Ye",
      title          = "{Scattering of Massless Particles in Arbitrary
                        Dimensions}",
      journal        = "Phys. Rev. Lett.",
      volume         = "113",
      year           = "2014",
      number         = "17",
      pages          = "171601",
      doi            = "10.1103/PhysRevLett.113.171601",
      eprint         = "1307.2199",
      archivePrefix  = "arXiv",
      primaryClass   = "hep-th",
      SLACcitation   = "%%CITATION = ARXIV:1307.2199;%%"
}

@article{Cachazo:2013iea,
      author         = "Cachazo, Freddy and He, Song and Yuan, Ellis Ye",
      title          = "{Scattering of Massless Particles: Scalars, Gluons and
                        Gravitons}",
      journal        = "JHEP",
      volume         = "07",
      year           = "2014",
      pages          = "033",
      doi            = "10.1007/JHEP07(2014)033",
      eprint         = "1309.0885",
      archivePrefix  = "arXiv",
      primaryClass   = "hep-th",
      SLACcitation   = "%%CITATION = ARXIV:1309.0885;%%"
}

@article{Cachazo:2014nsa,
      author         = "Cachazo, Freddy and He, Song and Yuan, Ellis Ye",
      title          = "{Einstein-Yang-Mills Scattering Amplitudes From
                        Scattering Equations}",
      journal        = "JHEP",
      volume         = "01",
      year           = "2015",
      pages          = "121",
      doi            = "10.1007/JHEP01(2015)121",
      eprint         = "1409.8256",
      archivePrefix  = "arXiv",
      primaryClass   = "hep-th",
      SLACcitation   = "%%CITATION = ARXIV:1409.8256;%%"
}

@article{Cachazo:2014xea,
      author         = "Cachazo, Freddy and He, Song and Yuan, Ellis Ye",
      title          = "{Scattering Equations and Matrices: From Einstein To
                        Yang-Mills, DBI and NLSM}",
      journal        = "JHEP",
      volume         = "07",
      year           = "2015",
      pages          = "149",
      doi            = "10.1007/JHEP07(2015)149",
      eprint         = "1412.3479",
      archivePrefix  = "arXiv",
      primaryClass   = "hep-th",
      SLACcitation   = "%%CITATION = ARXIV:1412.3479;%%"
}

%%%%%%%%%%%%%%%%%%%%%%%% SE equation
%\cite{FD}
@unpublished{Fairlie:1972abc,
    author  ="Fairlie, David and Roberts, David",
    title ="{Dual Models without Tachyons - a New Approach}",
    note ="unpublished Durham preprint PRINT-72-2440",
    year ="1972"

}

@phdthesis{Roberts:1972abc,
    author ="Roberts, David",
    title ="{Mathematical Structure of Dual Amplitudes}",
    school ="Durham University",
    year ="1972",
    note="Available at Durham E-Theses online"
}

@article{Fairlie:2008dg,
      author         = "Fairlie, David B.",
      title          = "{A Coding of Real Null Four-Momenta into World-Sheet
                        Co-ordinates}",
      journal        = "Adv. Math. Phys.",
      volume         = "2009",
      year           = "2009",
      pages          = "284689",
      doi            = "10.1155/2009/284689",
      eprint         = "0805.2263",
      archivePrefix  = "arXiv",
      primaryClass   = "hep-th",
      SLACcitation   = "%%CITATION = ARXIV:0805.2263;%%"
}


%\cite{FD,GM,W,CH,MO,F}

%\bibitem{GM} D. J. Gross and P. F. Mende, Nucl.Phys. B303, 407 (1988).
@article{Gross:1987ar,
      author         = "Gross, David J. and Mende, Paul F.",
      title          = "{String Theory Beyond the Planck Scale}",
      journal        = "Nucl. Phys.",
      volume         = "B303",
      year           = "1988",
      pages          = "407",
      doi            = "10.1016/0550-3213(88)90390-2",
      reportNumber   = "PUPT-1067",
      SLACcitation   = "%%CITATION = NUPHA,B303,407;%%"
}

%\bibitem{W}
@article{Witten:2004cp,
      author         = "Witten, Edward",
      title          = "{Parity invariance for strings in twistor space}",
      journal        = "Adv. Theor. Math. Phys.",
      volume         = "8",
      year           = "2004",
      pages          = "779-796",
      doi            = "10.4310/ATMP.2004.v8.n5.a1",
      eprint         = "hep-th/0403199",
      archivePrefix  = "arXiv",
      primaryClass   = "hep-th",
      SLACcitation   = "%%CITATION = HEP-TH/0403199;%%"
}


@article{Caputa:2011zk,
      author         = "Caputa, Pawel and Hirano, Shinji",
      title          = "{Observations on Open and Closed String Scattering
                        Amplitudes at High Energies}",
      journal        = "JHEP",
      volume         = "02",
      year           = "2012",
      pages          = "111",
      doi            = "10.1007/JHEP02(2012)111",
      eprint         = "1108.2381",
      archivePrefix  = "arXiv",
      primaryClass   = "hep-th",
      SLACcitation   = "%%CITATION = ARXIV:1108.2381;%%"
}

@article{Caputa:2012pi,
      author         = "Caputa, Pawel",
      title          = "{Lightlike contours with fermions}",
      journal        = "Phys. Lett.",
      volume         = "B716",
      year           = "2012",
      pages          = "475-480",
      doi            = "10.1016/j.physletb.2012.09.006",
      eprint         = "1205.6369",
      archivePrefix  = "arXiv",
      primaryClass   = "hep-th",
      reportNumber   = "WITS-CTP-098",
      SLACcitation   = "%%CITATION = ARXIV:1205.6369;%%"
}




%\bibitem{MO}

@article{Makeenko:2011dm,
      author         = "Makeenko, Y. and Olesen, P.",
      title          = "{The QCD scattering amplitude from area behaved Wilson
                        loops}",
      journal        = "Phys. Lett.",
      volume         = "B709",
      year           = "2012",
      pages          = "285-288",
      doi            = "10.1016/j.physletb.2012.02.032",
      eprint         = "1111.5606",
      archivePrefix  = "arXiv",
      primaryClass   = "hep-th",
      reportNumber   = "ITEP-TH-22-11",
      SLACcitation   = "%%CITATION = ARXIV:1111.5606;%%"
}


%\bibitem{F}
% F. Cachazo, (2012), arXiv:1206.5970 [hep-th].


@article{Cachazo:2012uq,
      author         = "Cachazo, Freddy",
      title          = "{Fundamental BCJ Relation in N=4 SYM From The Connected
                        Formulation}",
      year           = "2012",
      eprint         = "1206.5970",
      archivePrefix  = "arXiv",
      primaryClass   = "hep-th",
      SLACcitation   = "%%CITATION = ARXIV:1206.5970;%%"
}


%%%%%%%%%%%%%%%%%%%%%%%%% Explanantion


@article{Dolan:2013isa,
      author         = "Dolan, Louise and Goddard, Peter",
      title          = "{Proof of the Formula of Cachazo, He and Yuan for
                        Yang-Mills Tree Amplitudes in Arbitrary Dimension}",
      journal        = "JHEP",
      volume         = "05",
      year           = "2014",
      pages          = "010",
      doi            = "10.1007/JHEP05(2014)010",
      eprint         = "1311.5200",
      archivePrefix  = "arXiv",
      primaryClass   = "hep-th",
      SLACcitation   = "%%CITATION = ARXIV:1311.5200;%%"
}

@article{Britto:2004ap,
      author         = "Britto, Ruth and Cachazo, Freddy and Feng, Bo",
      title          = "{New recursion relations for tree amplitudes of gluons}",
      journal        = "Nucl. Phys.",
      volume         = "B715",
      year           = "2005",
      pages          = "499-522",
      doi            = "10.1016/j.nuclphysb.2005.02.030",
      eprint         = "hep-th/0412308",
      archivePrefix  = "arXiv",
      primaryClass   = "hep-th",
      SLACcitation   = "%%CITATION = HEP-TH/0412308;%%"
}

@article{Britto:2005fq,
      author         = "Britto, Ruth and Cachazo, Freddy and Feng, Bo and Witten,
                        Edward",
      title          = "{Direct proof of tree-level recursion relation in
                        Yang-Mills theory}",
      journal        = "Phys. Rev. Lett.",
      volume         = "94",
      year           = "2005",
      pages          = "181602",
      doi            = "10.1103/PhysRevLett.94.181602",
      eprint         = "hep-th/0501052",
      archivePrefix  = "arXiv",
      primaryClass   = "hep-th",
      SLACcitation   = "%%CITATION = HEP-TH/0501052;%%"
}



%%%%%%%%%%%%%  Ambitwistor string
@article{Mason:2013sva,
      author         = "Mason, Lionel and Skinner, David",
      title          = "{Ambitwistor strings and the scattering equations}",
      journal        = "JHEP",
      volume         = "07",
      year           = "2014",
      pages          = "048",
      doi            = "10.1007/JHEP07(2014)048",
      eprint         = "1311.2564",
      archivePrefix  = "arXiv",
      primaryClass   = "hep-th",
      SLACcitation   = "%%CITATION = ARXIV:1311.2564;%%"
}


%\cite{Mason:2013sva,Berkovits:2013xba,Gomez:2013wza,Adamo:2013tsa,Geyer:2014fka,Geyer:2014lca,Casali:2014hfa,Adamo:2015hoa,Casali:2015vta,Geyer:2015bja}
@article{Berkovits:2013xba,
      author         = "Berkovits, Nathan",
      title          = "{Infinite Tension Limit of the Pure Spinor Superstring}",
      journal        = "JHEP",
      volume         = "03",
      year           = "2014",
      pages          = "017",
      doi            = "10.1007/JHEP03(2014)017",
      eprint         = "1311.4156",
      archivePrefix  = "arXiv",
      primaryClass   = "hep-th",
      reportNumber   = "ICTP-SAIFR-2013-13",
      SLACcitation   = "%%CITATION = ARXIV:1311.4156;%%"
}

@article{Gomez:2013wza,
      author         = "Gomez, Humberto and Yuan, Ellis Ye",
      title          = "{N-point tree-level scattering amplitude in the new
                        Berkovits` string}",
      journal        = "JHEP",
      volume         = "04",
      year           = "2014",
      pages          = "046",
      doi            = "10.1007/JHEP04(2014)046",
      eprint         = "1312.5485",
      archivePrefix  = "arXiv",
      primaryClass   = "hep-th",
      SLACcitation   = "%%CITATION = ARXIV:1312.5485;%%"
}


@article{Adamo:2013tsa,
      author         = "Adamo, Tim and Casali, Eduardo and Skinner, David",
      title          = "{Ambitwistor strings and the scattering equations at one
                        loop}",
      journal        = "JHEP",
      volume         = "04",
      year           = "2014",
      pages          = "104",
      doi            = "10.1007/JHEP04(2014)104",
      eprint         = "1312.3828",
      archivePrefix  = "arXiv",
      primaryClass   = "hep-th",
      reportNumber   = "DAMTP-2013-74",
      SLACcitation   = "%%CITATION = ARXIV:1312.3828;%%"
}


@article{Geyer:2014fka,
      author         = "Geyer, Yvonne and Lipstein, Arthur E. and Mason, Lionel
                        J.",
      title          = "{Ambitwistor Strings in Four Dimensions}",
      journal        = "Phys. Rev. Lett.",
      volume         = "113",
      year           = "2014",
      number         = "8",
      pages          = "081602",
      doi            = "10.1103/PhysRevLett.113.081602",
      eprint         = "1404.6219",
      archivePrefix  = "arXiv",
      primaryClass   = "hep-th",
      SLACcitation   = "%%CITATION = ARXIV:1404.6219;%%"
}

@article{Geyer:2014lca,
      author         = "Geyer, Yvonne and Lipstein, Arthur E. and Mason, Lionel",
      title          = "{Ambitwistor strings at null infinity and (subleading)
                        soft limits}",
      journal        = "Class. Quant. Grav.",
      volume         = "32",
      year           = "2015",
      number         = "5",
      pages          = "055003",
      doi            = "10.1088/0264-9381/32/5/055003",
      eprint         = "1406.1462",
      archivePrefix  = "arXiv",
      primaryClass   = "hep-th",
      SLACcitation   = "%%CITATION = ARXIV:1406.1462;%%"
}

@article{Casali:2014hfa,
      author         = "Casali, Eduardo and Tourkine, Piotr",
      title          = "{Infrared behaviour of the one-loop scattering equations
                        and supergravity integrands}",
      journal        = "JHEP",
      volume         = "04",
      year           = "2015",
      pages          = "013",
      doi            = "10.1007/JHEP04(2015)013",
      eprint         = "1412.3787",
      archivePrefix  = "arXiv",
      primaryClass   = "hep-th",
      reportNumber   = "DAMTP-2014-91",
      SLACcitation   = "%%CITATION = ARXIV:1412.3787;%%"
}

@article{Adamo:2015hoa,
      author         = "Adamo, Tim and Casali, Eduardo",
      title          = "{Scattering equations, supergravity integrands, and pure
                        spinors}",
      journal        = "JHEP",
      volume         = "05",
      year           = "2015",
      pages          = "120",
      doi            = "10.1007/JHEP05(2015)120",
      eprint         = "1502.06826",
      archivePrefix  = "arXiv",
      primaryClass   = "hep-th",
      reportNumber   = "DAMTP-2015-14",
      SLACcitation   = "%%CITATION = ARXIV:1502.06826;%%"
}

@article{Ohmori:2015sha,
      author         = "Ohmori, Kantaro",
      title          = "{Worldsheet Geometries of Ambitwistor String}",
      journal        = "JHEP",
      volume         = "06",
      year           = "2015",
      pages          = "075",
      doi            = "10.1007/JHEP06(2015)075",
      eprint         = "1504.02675",
      archivePrefix  = "arXiv",
      primaryClass   = "hep-th",
      reportNumber   = "UT-15-09",
      SLACcitation   = "%%CITATION = ARXIV:1504.02675;%%"
}



@article{Casali:2015vta,
      author         = "Casali, Eduardo and Geyer, Yvonne and Mason, Lionel and
                        Monteiro, Ricardo and Roehrig, Kai A.",
      title          = "{New Ambitwistor String Theories}",
      year           = "2015",
      eprint         = "1506.08771",
      archivePrefix  = "arXiv",
      primaryClass   = "hep-th",
      SLACcitation   = "%%CITATION = ARXIV:1506.08771;%%"
}

@article{Geyer:2015bja,
      author         = "Geyer, Yvonne and Mason, Lionel and Monteiro, Ricardo and
                        Tourkine, Piotr",
      title          = "{Loop Integrands from the Riemann Sphere}",
      year           = "2015",
      eprint         = "1507.00321",
      archivePrefix  = "arXiv",
      primaryClass   = "hep-th",
      SLACcitation   = "%%CITATION = ARXIV:1507.00321;%%"
}




%%%%%%%%%%%%%%%%%%%%%%%%%%%%%%%


@article{Bjerrum-Bohr:2014qwa,
      author         = "Bjerrum-Bohr, N. Emil J. and Damgaard, Poul Henrik and
                        Tourkine, Piotr and Vanhove, Pierre",
      title          = "{Scattering Equations and String Theory Amplitudes}",
      journal        = "Phys. Rev.",
      volume         = "D90",
      year           = "2014",
      number         = "10",
      pages          = "106002",
      doi            = "10.1103/PhysRevD.90.106002",
      eprint         = "1403.4553",
      archivePrefix  = "arXiv",
      primaryClass   = "hep-th",
      reportNumber   = "IHES-P-14-11, IPTH-T14-030",
      SLACcitation   = "%%CITATION = ARXIV:1403.4553;%%"
}


@article{Baadsgaard:2015voa,
      author         = "Baadsgaard, Christian and Bjerrum-Bohr, N. E. J. and
                        Bourjaily, Jacob L. and Damgaard, Poul H.",
      title          = "{Integration Rules for Scattering Equations}",
      journal        = "JHEP",
      volume         = "09",
      year           = "2015",
      pages          = "129",
      doi            = "10.1007/JHEP09(2015)129",
      eprint         = "1506.06137",
      archivePrefix  = "arXiv",
      primaryClass   = "hep-th",
      SLACcitation   = "%%CITATION = ARXIV:1506.06137;%%"
}

@article{Baadsgaard:2015ifa,
      author         = "Baadsgaard, Christian and Bjerrum-Bohr, N. E. J. and
                        Bourjaily, Jacob L. and Damgaard, Poul H.",
      title          = "{Scattering Equations and Feynman Diagrams}",
      journal        = "JHEP",
      volume         = "09",
      year           = "2015",
      pages          = "136",
      doi            = "10.1007/JHEP09(2015)136",
      eprint         = "1507.00997",
      archivePrefix  = "arXiv",
      primaryClass   = "hep-th",
      SLACcitation   = "%%CITATION = ARXIV:1507.00997;%%"
}

@article{Baadsgaard:2015hia,
      author         = "Baadsgaard, Christian and Bjerrum-Bohr, N. E. J. and
                        Bourjaily, Jacob L. and Damgaard, Poul H. and Feng, Bo",
      title          = "{Integration Rules for Loop Scattering Equations}",
      journal        = "JHEP",
      volume         = "11",
      year           = "2015",
      pages          = "080",
      doi            = "10.1007/JHEP11(2015)080",
      eprint         = "1508.03627",
      archivePrefix  = "arXiv",
      primaryClass   = "hep-th",
      SLACcitation   = "%%CITATION = ARXIV:1508.03627;%%"
}


@article{He:2015yua,
      author         = "He, Song and Yuan, Ellis Ye",
      title          = "{One-loop Scattering Equations and Amplitudes from
                        Forward Limit}",
      year           = "2015",
      eprint         = "1508.06027",
      archivePrefix  = "arXiv",
      primaryClass   = "hep-th",
      SLACcitation   = "%%CITATION = ARXIV:1508.06027;%%"
}



%%%%%%%%%%%%%%%%%%%%%%%%

@article{Kalousios:2015fya,
      author         = "Kalousios, Chrysostomos",
      title          = "{Scattering equations, generating functions and all
                        massless five point tree amplitudes}",
      journal        = "JHEP",
      volume         = "05",
      year           = "2015",
      pages          = "054",
      doi            = "10.1007/JHEP05(2015)054",
      eprint         = "1502.07711",
      archivePrefix  = "arXiv",
      primaryClass   = "hep-th",
      SLACcitation   = "%%CITATION = ARXIV:1502.07711;%%"
}


@article{Cachazo:2015nwa,
      author         = "Cachazo, Freddy and Gomez, Humberto",
      title          = "{Computation of Contour Integrals on ${\cal M}_{0,n}$}",
      journal        = "JHEP",
      volume         = "04",
      year           = "2016",
      pages          = "108",
      doi            = "10.1007/JHEP04(2016)108",
      eprint         = "1505.03571",
      archivePrefix  = "arXiv",
      primaryClass   = "hep-th",
      SLACcitation   = "%%CITATION = ARXIV:1505.03571;%%"
}


%%%%%%%%%%%%%%%%%%%%%%

@article{Dolan:2014ega,
      author         = "Dolan, Louise and Goddard, Peter",
      title          = "{The Polynomial Form of the Scattering Equations}",
      journal        = "JHEP",
      volume         = "07",
      year           = "2014",
      pages          = "029",
      doi            = "10.1007/JHEP07(2014)029",
      eprint         = "1402.7374",
      archivePrefix  = "arXiv",
      primaryClass   = "hep-th",
      SLACcitation   = "%%CITATION = ARXIV:1402.7374;%%"
}

@article{He:2014wua,
      author         = "He, Yang-Hui and Matti, Cyril and Sun, Chuang",
      title          = "{The Scattering Variety}",
      journal        = "JHEP",
      volume         = "10",
      year           = "2014",
      pages          = "135",
      doi            = "10.1007/JHEP10(2014)135",
      eprint         = "1403.6833",
      archivePrefix  = "arXiv",
      primaryClass   = "hep-th",
      SLACcitation   = "%%CITATION = ARXIV:1403.6833;%%"
}

%\cite{Stickelberger}
@article{Stickelberger:1989abc,
      author         = "Stickelberger, Ludwig",
      title          = "{Ueber eine Verallgemeinerung der Kreistheilung}",
      journal        = "Mathematische Annalen",
      volume         = "37",
      year           = "1890",
      pages          = "321",
      doi            = "10.1007/BF01721360",
      eprint         = "1403.6833",
      archivePrefix  = "arXiv",
      primaryClass   = "hep-th",
      SLACcitation   = "%%CITATION = ARXIV:1403.6833;%%"
}

@article{Brandhuber:2005kd,
      author         = "Brandhuber, Andreas and Spence, Bill and Travaglini,
                        Gabriele",
      title          = "{From trees to loops and back}",
      journal        = "JHEP",
      volume         = "01",
      year           = "2006",
      pages          = "142",
      doi            = "10.1088/1126-6708/2006/01/142",
      eprint         = "hep-th/0510253",
      archivePrefix  = "arXiv",
      primaryClass   = "hep-th",
      reportNumber   = "QMUL-PH-05-12",
      SLACcitation   = "%%CITATION = HEP-TH/0510253;%%"
}

@article{Feynman:1963ax,
      author         = "Feynman, R. P.",
      title          = "{Quantum theory of gravitation}",
      booktitle      = "{In *Brown, L.M. (ed.): Selected papers of Richard
                        Feynman* 841-866, In *Taylor, J.C. (ed.): Gauge theories
                        in the twentieth century* 173-198, In *Hsu, Jong-Ping
                        (ed.) et al.: 100 years of gravity and accelerated frames*
                        272-297}",
      journal        = "Acta Phys. Polon.",
      volume         = "24",
      year           = "1963",
      pages          = "697-722",
      SLACcitation   = "%%CITATION = APPOA,24,697;%%"
}




@article{BjerrumBohr:2010ta,
      author         = "Bjerrum-Bohr, N. E. J. and Damgaard, Poul H. and Feng, Bo
                        and Sondergaard, Thomas",
      title          = "{Gravity and Yang-Mills Amplitude Relations}",
      journal        = "Phys. Rev.",
      volume         = "D82",
      year           = "2010",
      pages          = "107702",
      doi            = "10.1103/PhysRevD.82.107702",
      eprint         = "1005.4367",
      archivePrefix  = "arXiv",
      primaryClass   = "hep-th",
      SLACcitation   = "%%CITATION = ARXIV:1005.4367;%%"
}


@article{BjerrumBohr:2010yc,
      author         = "Bjerrum-Bohr, N. E. J. and Damgaard, Poul H. and Feng, Bo
                        and Sondergaard, Thomas",
      title          = "{Proof of Gravity and Yang-Mills Amplitude Relations}",
      journal        = "JHEP",
      volume         = "09",
      year           = "2010",
      pages          = "067",
      doi            = "10.1007/JHEP09(2010)067",
      eprint         = "1007.3111",
      archivePrefix  = "arXiv",
      primaryClass   = "hep-th",
      SLACcitation   = "%%CITATION = ARXIV:1007.3111;%%"
}

@article{BjerrumBohr:2010hn,
      author         = "Bjerrum-Bohr, N. E. J. and Damgaard, Poul H. and
                        Sondergaard, Thomas and Vanhove, Pierre",
      title          = "{The Momentum Kernel of Gauge and Gravity Theories}",
      journal        = "JHEP",
      volume         = "01",
      year           = "2011",
      pages          = "001",
      doi            = "10.1007/JHEP01(2011)001",
      eprint         = "1010.3933",
      archivePrefix  = "arXiv",
      primaryClass   = "hep-th",
      reportNumber   = "IPHT-T10-14, IHES-P-10-45",
      SLACcitation   = "%%CITATION = ARXIV:1010.3933;%%"
}

@article{Dashen:1974dv,
      author         = "Dashen, Roger F. and Gross, D. J.",
      title          = "{Do light pions necessarily obey the partially conserved
                        axial-vector current hypothesis?}",
      journal        = "Phys. Rev.",
      volume         = "D8",
      year           = "1973",
      pages          = "559-565",
      doi            = "10.1103/PhysRevD.8.559",
      SLACcitation   = "%%CITATION = PHRVA,D8,559;%%"
}


%\cite{sturmfels}
@book{sturmfels:2002abc,
    author="Sturmfels, Bernd",
    title="{Solving Systems of Polynomial Equations}",
    publisher="American Mathematical Society",
    year="2002",
    series="Cbms Regional Conference Series in Mathematics",
    note="Available online at https://math.berkeley.edu/~bernd/cbms.pdf"

}


@misc{parrilo:2006abc,
    author="Parrilo, Pablo",
    title="{Algebraic Techniques and Semidefinite Optimization}",
    year="2006",
    month="Spring",
    note="Massachusetts Institute of Technology: MIT OpenCourseWare. See lecture 15",
}

@misc{M2,
author = "Grayson, Daniel R. and Stillman, Michael E.",
title = "{Macaulay2, a software system for research in algebraic geometry}",
howpublished = "Available at http://www.math.uiuc.edu/Macaulay2/"
}

@misc{DGPS,
    author = "Decker, Wolfram and Greuel, Gert-Martin and Pfister, Gerhard and Schonemann, Hans",
    title = "{{\sc Singular} {4-0-2} --- {A} computer algebra system for polynomial computations}",
    year = "2015",
    note  = "Available at http://www.singular.uni-kl.de"
}

@article{Gray:2008zs,
      author         = "Gray, James and He, Yang-Hui and Ilderton, Anton and
                        Lukas, Andre",
      title          = "{STRINGVACUA: A Mathematica Package for Studying Vacuum
                        Configurations in String Phenomenology}",
      journal        = "Comput. Phys. Commun.",
      volume         = "180",
      year           = "2009",
      pages          = "107-119",
      doi            = "10.1016/j.cpc.2008.08.009",
      eprint         = "0801.1508",
      archivePrefix  = "arXiv",
      primaryClass   = "hep-th",
      SLACcitation   = "%%CITATION = ARXIV:0801.1508;%%"
}

%%%%%%%%%%%%%%%%%%%%%%%%%%


@article{Bern:2008qj,
      author         = "Bern, Z. and Carrasco, J. J. M. and Johansson, Henrik",
      title          = "{New Relations for Gauge-Theory Amplitudes}",
      journal        = "Phys. Rev.",
      volume         = "D78",
      year           = "2008",
      pages          = "085011",
      doi            = "10.1103/PhysRevD.78.085011",
      eprint         = "0805.3993",
      archivePrefix  = "arXiv",
      primaryClass   = "hep-ph",
      reportNumber   = "UCLA-07-TEP-15",
      SLACcitation   = "%%CITATION = ARXIV:0805.3993;%%"
}



%%%%%%%%%%%%%%%%% Added

%\cite{Kawai:1985xq, Bern:1998sv, BjerrumBohr:2010ta, BjerrumBohr:2010zb, BjerrumBohr:2010yc}

@article{Kawai:1985xq,
      author         = "Kawai, H. and Lewellen, D. C. and Tye, S. H. H.",
      title          = "{A Relation Between Tree Amplitudes of Closed and Open
                        Strings}",
      journal        = "Nucl. Phys.",
      volume         = "B269",
      year           = "1986",
      pages          = "1",
      doi            = "10.1016/0550-3213(86)90362-7",
      reportNumber   = "CLNS-85/667",
      SLACcitation   = "%%CITATION = NUPHA,B269,1;%%"
}

@article{Bern:1998sv,
      author         = "Bern, Z. and Dixon, Lance J. and Perelstein, M. and
                        Rozowsky, J. S.",
      title          = "{Multileg one loop gravity amplitudes from gauge theory}",
      journal        = "Nucl. Phys.",
      volume         = "B546",
      year           = "1999",
      pages          = "423-479",
      doi            = "10.1016/S0550-3213(99)00029-2",
      eprint         = "hep-th/9811140",
      archivePrefix  = "arXiv",
      primaryClass   = "hep-th",
      reportNumber   = "SLAC-PUB-7992, UCLA-98-TEP-28, UFIFT-HEP-98-33",
      SLACcitation   = "%%CITATION = HEP-TH/9811140;%%"
}



@article{BjerrumBohr:2010zb,
      author         = "Bjerrum-Bohr, N. E. J. and Damgaard, Poul H. and Feng, Bo
                        and Sondergaard, Thomas",
      title          = "{New Identities among Gauge Theory Amplitudes}",
      journal        = "Phys. Lett.",
      volume         = "B691",
      year           = "2010",
      pages          = "268-273",
      doi            = "10.1016/j.physletb.2010.07.002",
      eprint         = "1006.3214",
      archivePrefix  = "arXiv",
      primaryClass   = "hep-th",
      SLACcitation   = "%%CITATION = ARXIV:1006.3214;%%"
}

@article{Parke:1986gb,
      author         = "Parke, Stephen J. and Taylor, T. R.",
      title          = "{An Amplitude for $n$ Gluon Scattering}",
      journal        = "Phys. Rev. Lett.",
      volume         = "56",
      year           = "1986",
      pages          = "2459",
      doi            = "10.1103/PhysRevLett.56.2459",
      reportNumber   = "FERMILAB-PUB-86-042-T",
      SLACcitation   = "%%CITATION = PRLTA,56,2459;%%"
}

@article{Berends:1987me,
      author         = "Berends, Frits A. and Giele, W. T.",
      title          = "{Recursive Calculations for Processes with n Gluons}",
      journal        = "Nucl. Phys.",
      volume         = "B306",
      year           = "1988",
      pages          = "759",
      doi            = "10.1016/0550-3213(88)90442-7",
      reportNumber   = "Print-88-0100 (LEIDEN)",
      SLACcitation   = "%%CITATION = NUPHA,B306,759;%%"
}





@article{Feng:2015qna,
      author         = "Feng, Bo and Rao, Junjie and Zhou, Kang",
      title          = "{On Multi-step BCFW Recursion Relations}",
      journal        = "JHEP",
      volume         = "07",
      year           = "2015",
      pages          = "058",
      doi            = "10.1007/JHEP07(2015)058",
      eprint         = "1504.06306",
      archivePrefix  = "arXiv",
      primaryClass   = "hep-th",
      SLACcitation   = "%%CITATION = ARXIV:1504.06306;%%"
}


@article{Kosower:2004yz,
      author         = "Kosower, David A.",
      title          = "{Next-to-maximal helicity violating amplitudes in gauge
                        theory}",
      journal        = "Phys. Rev.",
      volume         = "D71",
      year           = "2005",
      pages          = "045007",
      doi            = "10.1103/PhysRevD.71.045007",
      eprint         = "hep-th/0406175",
      archivePrefix  = "arXiv",
      primaryClass   = "hep-th",
      reportNumber   = "SACLAY-SPHT-T04-067, NSF-KITP-04-58",
      SLACcitation   = "%%CITATION = HEP-TH/0406175;%%"
}



@article{Luo:2005rx,
      author         = "Luo, Ming-xing and Wen, Cong-kao",
      title          = "{Recursion relations for tree amplitudes in super gauge
                        theories}",
      journal        = "JHEP",
      volume         = "03",
      year           = "2005",
      pages          = "004",
      doi            = "10.1088/1126-6708/2005/03/004",
      eprint         = "hep-th/0501121",
      archivePrefix  = "arXiv",
      primaryClass   = "hep-th",
      SLACcitation   = "%%CITATION = HEP-TH/0501121;%%"
}


@article{Baadsgaard:2015twa,
      author         = "Baadsgaard, Christian and Bjerrum-Bohr, N. E. J. and
                        Bourjaily, Jacob L. and Caron-Huot, Simon and Damgaard,
                        Poul H. and Feng, Bo",
      title          = "{New Representations of the Perturbative S-Matrix}",
      year           = "2015",
      eprint         = "1509.02169",
      archivePrefix  = "arXiv",
      primaryClass   = "hep-th",
      SLACcitation   = "%%CITATION = ARXIV:1509.02169;%%"
}


@article{Huang:2015yka,
      author         = "Huang, Rijun and Rao, Junjie and Feng, Bo and He,
                        Yang-Hui",
      title          = "{An Algebraic Approach to the Scattering Equations}",
      journal        = "JHEP",
      volume         = "12",
      year           = "2015",
      pages          = "056",
      doi            = "10.1007/JHEP12(2015)056",
      eprint         = "1509.04483",
      archivePrefix  = "arXiv",
      primaryClass   = "hep-th",
      SLACcitation   = "%%CITATION = ARXIV:1509.04483;%%"
}

@article{Sogaard:2015dba,
      author         = "Sogaard, Mads and Zhang, Yang",
      title          = "{Scattering Equations and Global Duality of Residues}",
      journal        = "Phys. Rev.",
      volume         = "D93",
      year           = "2016",
      number         = "10",
      pages          = "105009",
      doi            = "10.1103/PhysRevD.93.105009",
      eprint         = "1509.08897",
      archivePrefix  = "arXiv",
      primaryClass   = "hep-th",
      SLACcitation   = "%%CITATION = ARXIV:1509.08897;%%"
}

@article{Dolan:2015iln,
      author         = "Dolan, Louise and Goddard, Peter",
      title          = "{General Solution of the Scattering Equations}",
      year           = "2015",
      eprint         = "1511.09441",
      archivePrefix  = "arXiv",
      primaryClass   = "hep-th",
      SLACcitation   = "%%CITATION = ARXIV:1511.09441;%%"
}

@article{Cardona:2015ouc,
      author         = "Cardona, Carlos and Kalousios, Chrysostomos",
      title          = "{Elimination and recursions in the scattering equations}",
      journal        = "Phys. Lett.",
      volume         = "B756",
      year           = "2016",
      pages          = "180-187",
      doi            = "10.1016/j.physletb.2016.03.003",
      eprint         = "1511.05915",
      archivePrefix  = "arXiv",
      primaryClass   = "hep-th",
      SLACcitation   = "%%CITATION = ARXIV:1511.05915;%%"
}

@article{Cardona:2015eba,
      author         = "Cardona, Carlos and Kalousios, Chrysostomos",
      title          = "{Comments on the evaluation of massless scattering}",
      journal        = "JHEP",
      volume         = "01",
      year           = "2016",
      pages          = "178",
      doi            = "10.1007/JHEP01(2016)178",
      eprint         = "1509.08908",
      archivePrefix  = "arXiv",
      primaryClass   = "hep-th",
      SLACcitation   = "%%CITATION = ARXIV:1509.08908;%%"
}


@article{Geyer:2015jch,
      author         = "Geyer, Yvonne and Mason, Lionel and Monteiro, Ricardo and
                        Tourkine, Piotr",
      title          = "{One-loop amplitudes on the Riemann sphere}",
      journal        = "JHEP",
      volume         = "03",
      year           = "2016",
      pages          = "114",
      doi            = "10.1007/JHEP03(2016)114",
      eprint         = "1511.06315",
      archivePrefix  = "arXiv",
      primaryClass   = "hep-th",
      reportNumber   = "CERN-PH-TH-2015-267, DAMTP-2015-76",
      SLACcitation   = "%%CITATION = ARXIV:1511.06315;%%"
}

@article{Lam:2016tlk,
      author         = "Lam, C. S. and Yao, York-Peng",
      title          = "{Evaluation of the Cachazo-He-Yuan gauge amplitude}",
      journal        = "Phys. Rev.",
      volume         = "D93",
      year           = "2016",
      number         = "10",
      pages          = "105008",
      doi            = "10.1103/PhysRevD.93.105008",
      eprint         = "1602.06419",
      archivePrefix  = "arXiv",
      primaryClass   = "hep-th",
      SLACcitation   = "%%CITATION = ARXIV:1602.06419;%%"
}

@article{Gomez:2016bmv,
      author         = "Gomez, Humberto",
      title          = "{$\Lambda$ Scattering Equations}",
      year           = "2016",
      eprint         = "1604.05373",
      archivePrefix  = "arXiv",
      primaryClass   = "hep-th",
      SLACcitation   = "%%CITATION = ARXIV:1604.05373;%%"
}


@article{Feng:2016nrf,
      author         = "Feng, Bo",
      title          = "{CHY-construction of Planar Loop Integrands of Cubic
                        Scalar Theory}",
      year           = "2016",
      eprint         = "1601.05864",
      archivePrefix  = "arXiv",
      primaryClass   = "hep-th",
      SLACcitation   = "%%CITATION = ARXIV:1601.05864;%%"
}




@article{Du:2016blz,
      author         = "Du, Yi-jian and Teng, Fei and Wu, Yong-shi",
      title          = "{CHY formula and MHV amplitudes}",
      journal        = "JHEP",
      volume         = "05",
      year           = "2016",
      pages          = "086",
      doi            = "10.1007/JHEP05(2016)086",
      eprint         = "1603.08158",
      archivePrefix  = "arXiv",
      primaryClass   = "hep-th",
      SLACcitation   = "%%CITATION = ARXIV:1603.08158;%%"
}

@article{Lam:2015sqb,
      author         = "Lam, C. S. and Yao, York-Peng",
      title          = "{Role of M\"bius constants and scattering functions in
                        Cachazo-He-Yuan scalar amplitudes}",
      journal        = "Phys. Rev.",
      volume         = "D93",
      year           = "2016",
      number         = "10",
      pages          = "105004",
      doi            = "10.1103/PhysRevD.93.105004",
      eprint         = "1512.05387",
      archivePrefix  = "arXiv",
      primaryClass   = "hep-th",
      SLACcitation   = "%%CITATION = ARXIV:1512.05387;%%"
}



@article{Weinzierl:2014vwa,
      author         = "Weinzierl, Stefan",
      title          = "{On the solutions of the scattering equations}",
      journal        = "JHEP",
      volume         = "04",
      year           = "2014",
      pages          = "092",
      doi            = "10.1007/JHEP04(2014)092",
      eprint         = "1402.2516",
      archivePrefix  = "arXiv",
      primaryClass   = "hep-th",
      SLACcitation   = "%%CITATION = ARXIV:1402.2516;%%"
}



@mastersthesis{Baadsgaard:2015abc,
    author ="Baadsgaard, Christian",
    title ="{Amplitudes from sting theory and CHY formalism}",
    school ="Copenhagen University",
    year ="2015",
    note="Available at \url{http://discoverycenter.nbi.ku.dk/teaching/thesis_page/}"
}

@article{Huang:2016zzb,
      author         = "Huang, Rijun and Feng, Bo and Luo, Ming-xing and Zhu,
                        Chuan-Jie",
      title          = "{Feynman Rules of Higher-order Poles in CHY
                        Construction}",
      year           = "2016",
      eprint         = "1604.07314",
      archivePrefix  = "arXiv",
      primaryClass   = "hep-th",
      SLACcitation   = "%%CITATION = ARXIV:1604.07314;%%"
}


@article{Bjerrum-Bohr:2016juj,
      author         = "Bjerrum-Bohr, N. E. J. and Bourjaily, Jacob L. and
                        Damgaard, Poul H. and Feng, Bo",
      title          = "{Analytic Representations of Yang-Mills Amplitudes}",
      year           = "2016",
      eprint         = "1605.06501",
      archivePrefix  = "arXiv",
      primaryClass   = "hep-th",
      SLACcitation   = "%%CITATION = ARXIV:1605.06501;%%"
}


@article{Bosma:2016ttj,
      author         = "Bosma, Jorrit and Sogaard, Mads and Zhang, Yang",
      title          = "{The Polynomial Form of the Scattering Equations is an
                        H-Basis}",
      year           = "2016",
      eprint         = "1605.08431",
      archivePrefix  = "arXiv",
      primaryClass   = "hep-th",
      SLACcitation   = "%%CITATION = ARXIV:1605.08431;%%"
}





@article{Kalousios:2013eca,
      author         = "Kalousios, Chrysostomos",
      title          = "{Massless scattering at special kinematics as Jacobi
                        polynomials}",
      journal        = "J. Phys.",
      volume         = "A47",
      year           = "2014",
      pages          = "215402",
      doi            = "10.1088/1751-8113/47/21/215402",
      eprint         = "1312.7743",
      archivePrefix  = "arXiv",
      primaryClass   = "hep-th",
      reportNumber   = "ICTP-SAIFR-2013-015",
      SLACcitation   = "%%CITATION = ARXIV:1312.7743;%%"
}


@article{Lam:2014tga,
      author         = "Lam, C. S.",
      title          = "{Permutation Symmetry of the Scattering Equations}",
      journal        = "Phys. Rev.",
      volume         = "D91",
      year           = "2015",
      number         = "4",
      pages          = "045019",
      doi            = "10.1103/PhysRevD.91.045019",
      eprint         = "1410.8184",
      archivePrefix  = "arXiv",
      primaryClass   = "hep-th",
      SLACcitation   = "%%CITATION = ARXIV:1410.8184;%%"
}

@article{Zlotnikov:2016wtk,
      author         = "Zlotnikov, Michael",
      title          = "{Polynomial reduction and evaluation of tree- and
                        loop-level CHY amplitudes}",
      year           = "2016",
      eprint         = "1605.08758",
      archivePrefix  = "arXiv",
      primaryClass   = "hep-th",
      SLACcitation   = "%%CITATION = ARXIV:1605.08758;%%"
}


@article{Chen:2011jxa,
      author         = "Chen, Yi-Xin and Du, Yi-Jian and Feng, Bo",
      title          = "{A Proof of the Explicit Minimal-basis Expansion of Tree
                        Amplitudes in Gauge Field Theory}",
      journal        = "JHEP",
      volume         = "02",
      year           = "2011",
      pages          = "112",
      doi            = "10.1007/JHEP02(2011)112",
      eprint         = "1101.0009",
      archivePrefix  = "arXiv",
      primaryClass   = "hep-th",
      SLACcitation   = "%%CITATION = ARXIV:1101.0009;%%"
}

@article{Cardona:2016bpi,
      author         = "Cardona, Carlos and Gomez, Humberto",
      title          = "{Elliptic scattering equations}",
      year           = "2016",
      eprint         = "1605.01446",
      archivePrefix  = "arXiv",
      primaryClass   = "hep-th",
      reportNumber   = "NCTS-TH-1602",
      SLACcitation   = "%%CITATION = ARXIV:1605.01446;%%"
}

@article{Mafra:2016ltu,
      author         = "Mafra, Carlos R.",
      title          = "{Berends-Giele recursion for double-color-ordered
                        amplitudes}",
      year           = "2016",
      eprint         = "1603.09731",
      archivePrefix  = "arXiv",
      primaryClass   = "hep-th",
      SLACcitation   = "%%CITATION = ARXIV:1603.09731;%%"
}

%%%%%%%%%%%%%%%%%%%%%%
@article{Nandan:2016pya,
      author         = "Nandan, Dhritiman and Plefka, Jan and Schlotterer, Oliver
                        and Wen, Congkao",
      title          = "{Einstein-Yang-Mills from pure Yang-Mills amplitudes}",
      journal        = "JHEP",
      volume         = "10",
      year           = "2016",
      pages          = "070",
      doi            = "10.1007/JHEP10(2016)070",
      eprint         = "1607.05701",
      archivePrefix  = "arXiv",
      primaryClass   = "hep-th",
      reportNumber   = "HU-EP-16-22",
      SLACcitation   = "%%CITATION = ARXIV:1607.05701;%%"
}
@article{Bern:1999bx,
      author         = "Bern, Z. and De Freitas, A. and Wong, H. L.",
      title          = "{On the coupling of gravitons to matter}",
      journal        = "Phys. Rev. Lett.",
      volume         = "84",
      year           = "2000",
      pages          = "3531",
      doi            = "10.1103/PhysRevLett.84.3531",
      eprint         = "hep-th/9912033",
      archivePrefix  = "arXiv",
      primaryClass   = "hep-th",
      reportNumber   = "UCLA-99-TEP-55",
      SLACcitation   = "%%CITATION = HEP-TH/9912033;%%"
}

@article{Du:2011js,
      author         = "Du, Yi-Jian and Feng, Bo and Fu, Chih-Hao",
      title          = "{BCJ Relation of Color Scalar Theory and KLT Relation of
                        Gauge Theory}",
      journal        = "JHEP",
      volume         = "08",
      year           = "2011",
      pages          = "129",
      doi            = "10.1007/JHEP08(2011)129",
      eprint         = "1105.3503",
      archivePrefix  = "arXiv",
      primaryClass   = "hep-th",
      SLACcitation   = "%%CITATION = ARXIV:1105.3503;%%"
}
@article{Du:2016tbc,
      author         = "Du, Yi-Jian and Fu, Chih-Hao",
      title          = "{Explicit BCJ numerators of nonlinear sigma model}",
      journal        = "JHEP",
      volume         = "09",
      year           = "2016",
      pages          = "174",
      doi            = "10.1007/JHEP09(2016)174",
      eprint         = "1606.05846",
      archivePrefix  = "arXiv",
      primaryClass   = "hep-th",
      SLACcitation   = "%%CITATION = ARXIV:1606.05846;%%"
}

@article{Stieberger:2016lng,
      author         = "Stieberger, Stephan and Taylor, Tomasz R.",
      title          = "{New relations for Einstein-Yang-Mills amplitudes}",
      journal        = "Nucl. Phys.",
      volume         = "B913",
      year           = "2016",
      pages          = "151-162",
      doi            = "10.1016/j.nuclphysb.2016.09.014",
      eprint         = "1606.09616",
      archivePrefix  = "arXiv",
      primaryClass   = "hep-th",
      reportNumber   = "MPP-2016-140",
      SLACcitation   = "%%CITATION = ARXIV:1606.09616;%%"
}


@article{Arkani-Hamed:2016rak,
      author         = "Arkani-Hamed, Nima and Rodina, Laurentiu and Trnka,
                        Jaroslav",
      title          = "{Locality and Unitarity from Singularities and Gauge
                        Invariance}",
      year           = "2016",
      eprint         = "1612.02797",
      archivePrefix  = "arXiv",
      primaryClass   = "hep-th",
      SLACcitation   = "%%CITATION = ARXIV:1612.02797;%%"
}

@article{Rodina:2016mbk,
      author         = "Rodina, Laurentiu",
      title          = "{Uniqueness from locality and BCFW shifts}",
      year           = "2016",
      eprint         = "1612.03885",
      archivePrefix  = "arXiv",
      primaryClass   = "hep-th",
      SLACcitation   = "%%CITATION = ARXIV:1612.03885;%%"
}

@article{Rodina:2016jyz,
      author         = "Rodina, Laurentiu",
      title          = "{Uniqueness from gauge invariance and the Adler zero}",
      year           = "2016",
      eprint         = "1612.06342",
      archivePrefix  = "arXiv",
      primaryClass   = "hep-th",
      SLACcitation   = "%%CITATION = ARXIV:1612.06342;%%"
}


@article{Bjerrum-Bohr:2016axv,
      author         = "Bjerrum-Bohr, N. E. J. and Bourjaily, Jacob L. and
                        Damgaard, Poul H. and Feng, Bo",
      title          = "{Manifesting Color-Kinematics Duality in the Scattering
                        Equation Formalism}",
      journal        = "JHEP",
      volume         = "09",
      year           = "2016",
      pages          = "094",
      doi            = "10.1007/JHEP09(2016)094",
      eprint         = "1608.00006",
      archivePrefix  = "arXiv",
      primaryClass   = "hep-th",
      SLACcitation   = "%%CITATION = ARXIV:1608.00006;%%"
}


@article{Kleiss:1988ne,
      author         = "Kleiss, Ronald and Kuijf, Hans",
      title          = "{Multi - Gluon Cross-sections and Five Jet Production at
                        Hadron Colliders}",
      journal        = "Nucl. Phys.",
      volume         = "B312",
      year           = "1989",
      pages          = "616-644",
      doi            = "10.1016/0550-3213(89)90574-9",
      reportNumber   = "Print-88-0425 (LEIDEN)",
      SLACcitation   = "%%CITATION = NUPHA,B312,616;%%"
}

@article{Bern:2010yg,
      author         = "Bern, Zvi and Dennen, Tristan and Huang, Yu-tin and
                        Kiermaier, Michael",
      title          = "{Gravity as the Square of Gauge Theory}",
      journal        = "Phys. Rev.",
      volume         = "D82",
      year           = "2010",
      pages          = "065003",
      doi            = "10.1103/PhysRevD.82.065003",
      eprint         = "1004.0693",
      archivePrefix  = "arXiv",
      primaryClass   = "hep-th",
      reportNumber   = "UCLA-TEP-10-103, PUPT-2335",
      SLACcitation   = "%%CITATION = ARXIV:1004.0693;%%"
}

@article{Bern:2010ue,
      author         = "Bern, Zvi and Carrasco, John Joseph M. and Johansson,
                        Henrik",
      title          = "{Perturbative Quantum Gravity as a Double Copy of Gauge
                        Theory}",
      journal        = "Phys. Rev. Lett.",
      volume         = "105",
      year           = "2010",
      pages          = "061602",
      doi            = "10.1103/PhysRevLett.105.061602",
      eprint         = "1004.0476",
      archivePrefix  = "arXiv",
      primaryClass   = "hep-th",
      reportNumber   = "UCLA-10-TEP-102, SACLAY-IPHT-T10-044",
      SLACcitation   = "%%CITATION = ARXIV:1004.0476;%%"
}


@article{BjerrumBohr:2009rd,
      author         = "Bjerrum-Bohr, N. E. J. and Damgaard, Poul H. and Vanhove,
                        Pierre",
      title          = "{Minimal Basis for Gauge Theory Amplitudes}",
      journal        = "Phys. Rev. Lett.",
      volume         = "103",
      year           = "2009",
      pages          = "161602",
      doi            = "10.1103/PhysRevLett.103.161602",
      eprint         = "0907.1425",
      archivePrefix  = "arXiv",
      primaryClass   = "hep-th",
      reportNumber   = "IHES-P-09-33, IPHT-T-09-092",
      SLACcitation   = "%%CITATION = ARXIV:0907.1425;%%"
}

@article{Stieberger:2009hq,
      author         = "Stieberger, S.",
      title          = "{Open \& Closed vs. Pure Open String Disk Amplitudes}",
      year           = "2009",
      eprint         = "0907.2211",
      archivePrefix  = "arXiv",
      primaryClass   = "hep-th",
      reportNumber   = "MPP-2008-01",
      SLACcitation   = "%%CITATION = ARXIV:0907.2211;%%"
}
@article{Stieberger:2015vya,
      author         = "Stieberger, Stephan and Taylor, Tomasz R.",
      title          = "{Disk Scattering of Open and Closed Strings (I)}",
      journal        = "Nucl. Phys.",
      volume         = "B903",
      year           = "2016",
      pages          = "104-117",
      doi            = "10.1016/j.nuclphysb.2015.12.002",
      eprint         = "1510.01774",
      archivePrefix  = "arXiv",
      primaryClass   = "hep-th",
      reportNumber   = "MPP-2015-184, MPP--2015--184",
      SLACcitation   = "%%CITATION = ARXIV:1510.01774;%%"
}


@article{delaCruz:2016gnm,
      author         = "de la Cruz, Leonardo and Kniss, Alexander and Weinzierl,
                        Stefan",
      title          = "{Relations for Einstein-Yang-Mills amplitudes from the
                        CHY representation}",
      journal        = "Phys. Lett.",
      volume         = "B767",
      year           = "2017",
      pages          = "86-90",
      doi            = "10.1016/j.physletb.2017.01.036",
      eprint         = "1607.06036",
      archivePrefix  = "arXiv",
      primaryClass   = "hep-th",
      reportNumber   = "MITP-16-077",
      SLACcitation   = "%%CITATION = ARXIV:1607.06036;%%"
}

@article{Schlotterer:2016cxa,
      author         = "Schlotterer, Oliver",
      title          = "{Amplitude relations in heterotic string theory and
                        Einstein-Yang-Mills}",
      journal        = "JHEP",
      volume         = "11",
      year           = "2016",
      pages          = "074",
      doi            = "10.1007/JHEP11(2016)074",
      eprint         = "1608.00130",
      archivePrefix  = "arXiv",
      primaryClass   = "hep-th",
      SLACcitation   = "%%CITATION = ARXIV:1608.00130;%%"
}

@article{Du:2016wkt,
      author         = "Du, Yi-Jian and Teng, Fei and Wu, Yong-Shi",
      title          = "{Direct Evaluation of $n$-point single-trace MHV
                        amplitudes in 4d Einstein-Yang-Mills theory using the CHY
                        Formalism}",
      journal        = "JHEP",
      volume         = "09",
      year           = "2016",
      pages          = "171",
      doi            = "10.1007/JHEP09(2016)171",
      eprint         = "1608.00883",
      archivePrefix  = "arXiv",
      primaryClass   = "hep-th",
      SLACcitation   = "%%CITATION = ARXIV:1608.00883;%%"
}

@article{Nandan:2016ohb,
      author         = "Nandan, Dhritiman and Plefka, Jan and Wormsbecher, Wadim",
      title          = "{Collinear limits beyond the leading order from the
                        scattering equations}",
      year           = "2016",
      eprint         = "1608.04730",
      archivePrefix  = "arXiv",
      primaryClass   = "hep-th",
      reportNumber   = "HU-EP-16-26",
      SLACcitation   = "%%CITATION = ARXIV:1608.04730;%%"
}

@article{He:2016mzd,
      author         = "He, Song and Schlotterer, Oliver",
      title          = "{Loop-level KLT, BCJ and EYM amplitude relations}",
      year           = "2016",
      eprint         = "1612.00417",
      archivePrefix  = "arXiv",
      primaryClass   = "hep-th",
      SLACcitation   = "%%CITATION = ARXIV:1612.00417;%%"
}

@article{Cardona:2016gon,
      author         = "Cardona, Carlos and Feng, Bo and Gomez, Humberto and
                        Huang, Rijun",
      title          = "{Cross-ratio Identities and Higher-order Poles of
                        CHY-integrand}",
      journal        = "JHEP",
      volume         = "09",
      year           = "2016",
      pages          = "133",
      doi            = "10.1007/JHEP09(2016)133",
      eprint         = "1606.00670",
      archivePrefix  = "arXiv",
      primaryClass   = "hep-th",
      SLACcitation   = "%%CITATION = ARXIV:1606.00670;%%"
}


@article{Feng:2010my,
      author         = "Feng, Bo and Huang, Rijun and Jia, Yin",
      title          = "{Gauge Amplitude Identities by On-shell Recursion
                        Relation in S-matrix Program}",
      journal        = "Phys. Lett.",
      volume         = "B695",
      year           = "2011",
      pages          = "350-353",
      doi            = "10.1016/j.physletb.2010.11.011",
      eprint         = "1004.3417",
      archivePrefix  = "arXiv",
      primaryClass   = "hep-th",
      SLACcitation   = "%%CITATION = ARXIV:1004.3417;%%"
}

@article{Benincasa:2011kn,
      author         = "Benincasa, Paolo and Conde, Eduardo",
      title          = "{On the Tree-Level Structure of Scattering Amplitudes of
                        Massless Particles}",
      journal        = "JHEP",
      volume         = "11",
      year           = "2011",
      pages          = "074",
      doi            = "10.1007/JHEP11(2011)074",
      eprint         = "1106.0166",
      archivePrefix  = "arXiv",
      primaryClass   = "hep-th",
      SLACcitation   = "%%CITATION = ARXIV:1106.0166;%%"
}



@article{Cheung:2015cba,
      author         = "Cheung, Clifford and Shen, Chia-Hsien and Trnka,
                        Jaroslav",
      title          = "{Simple Recursion Relations for General Field Theories}",
      journal        = "JHEP",
      volume         = "06",
      year           = "2015",
      pages          = "118",
      doi            = "10.1007/JHEP06(2015)118",
      eprint         = "1502.05057",
      archivePrefix  = "arXiv",
      primaryClass   = "hep-th",
      reportNumber   = "CALT-TH-2015-005",
      SLACcitation   = "%%CITATION = ARXIV:1502.05057;%%"
}

@article{Cheung:2015ota,
      author         = "Cheung, Clifford and Kampf, Karol and Novotny, Jiri and
                        Shen, Chia-Hsien and Trnka, Jaroslav",
      title          = "{On-Shell Recursion Relations for Effective Field
                        Theories}",
      year           = "2015",
      eprint         = "1509.03309",
      archivePrefix  = "arXiv",
      primaryClass   = "hep-th",
      reportNumber   = "CALT-TH-2015-047",
      SLACcitation   = "%%CITATION = ARXIV:1509.03309;%%"
}



@article{Feng:2014pia,
      author         = "Feng, Bo and Zhou, Kang and Qiao, Chenkai and Rao,
                        Junjie",
      title          = "{Determination of Boundary Contributions in Recursion
                        Relation}",
      journal        = "JHEP",
      volume         = "03",
      year           = "2015",
      pages          = "023",
      doi            = "10.1007/JHEP03(2015)023",
      eprint         = "1411.0452",
      archivePrefix  = "arXiv",
      primaryClass   = "hep-th",
      SLACcitation   = "%%CITATION = ARXIV:1411.0452;%%"
}


@article{Jin:2014qya,
      author         = "Jin, Qingjun and Feng, Bo",
      title          = "{Recursion Relation for Boundary Contribution}",
      journal        = "JHEP",
      volume         = "06",
      year           = "2015",
      pages          = "018",
      doi            = "10.1007/JHEP06(2015)018",
      eprint         = "1412.8170",
      archivePrefix  = "arXiv",
      primaryClass   = "hep-th",
      SLACcitation   = "%%CITATION = ARXIV:1412.8170;%%"
}




@article{Jin:2015pua,
      author         = "Jin, Qingjun and Feng, Bo",
      title          = "{Boundary Operators of BCFW Recursion Relation}",
      journal        = "JHEP",
      volume         = "04",
      year           = "2016",
      pages          = "123",
      doi            = "10.1007/JHEP04(2016)123",
      eprint         = "1507.00463",
      archivePrefix  = "arXiv",
      primaryClass   = "hep-th",
      SLACcitation   = "%%CITATION = ARXIV:1507.00463;%%"
}

@article{Boels:2016xhc,
      author         = "Boels, Rutger H. and Medina, Ricardo",
      title          = "{Graviton and gluon scattering from first principles}",
      journal        = "Phys. Rev. Lett.",
      volume         = "118",
      year           = "2017",
      pages          = "061602",
      doi            = "10.1103/PhysRevLett.118.061602",
      eprint         = "1607.08246",
      archivePrefix  = "arXiv",
      primaryClass   = "hep-th",
      SLACcitation   = "%%CITATION = ARXIV:1607.08246;%%"
}



%%%%%%%%%%%%%%%%%BCJ numerator


@article{Boels:2012sy,
      author         = "Boels, Rutger H. and Isermann, Reinke Sven",
      title          = "{On powercounting in perturbative quantum gravity
                        theories through color-kinematic duality}",
      journal        = "JHEP",
      volume         = "06",
      year           = "2013",
      pages          = "017",
      doi            = "10.1007/JHEP06(2013)017",
      eprint         = "1212.3473",
      archivePrefix  = "arXiv",
      primaryClass   = "hep-th",
      SLACcitation   = "%%CITATION = ARXIV:1212.3473;%%"
}
@article{Broedel:2011pd,
      author         = "Broedel, Johannes and Carrasco, John Joseph M.",
      title          = "{Virtuous Trees at Five and Six Points for Yang-Mills and
                        Gravity}",
      journal        = "Phys. Rev.",
      volume         = "D84",
      year           = "2011",
      pages          = "085009",
      doi            = "10.1103/PhysRevD.84.085009",
      eprint         = "1107.4802",
      archivePrefix  = "arXiv",
      primaryClass   = "hep-th",
      reportNumber   = "SU-ITP-11-33, NSF-KITP-11-124",
      SLACcitation   = "%%CITATION = ARXIV:1107.4802;%%"
}

@article{Monteiro:2013rya,
      author         = "Monteiro, Ricardo and O'Connell, Donal",
      title          = "{The Kinematic Algebras from the Scattering Equations}",
      journal        = "JHEP",
      volume         = "03",
      year           = "2014",
      pages          = "110",
      doi            = "10.1007/JHEP03(2014)110",
      eprint         = "1311.1151",
      archivePrefix  = "arXiv",
      primaryClass   = "hep-th",
      reportNumber   = "EDINBURGH-2013-29",
      SLACcitation   = "%%CITATION = ARXIV:1311.1151;%%"
}
@article{Mafra:2011kj,
      author         = "Mafra, Carlos R. and Schlotterer, Oliver and Stieberger,
                        Stephan",
      title          = "{Explicit BCJ Numerators from Pure Spinors}",
      journal        = "JHEP",
      volume         = "07",
      year           = "2011",
      pages          = "092",
      doi            = "10.1007/JHEP07(2011)092",
      eprint         = "1104.5224",
      archivePrefix  = "arXiv",
      primaryClass   = "hep-th",
      SLACcitation   = "%%CITATION = ARXIV:1104.5224;%%"
}

@article{Fu:2012uy,
      author         = "Fu, Chih-Hao and Du, Yi-Jian and Feng, Bo",
      title          = "{An algebraic approach to BCJ numerators}",
      journal        = "JHEP",
      volume         = "03",
      year           = "2013",
      pages          = "050",
      doi            = "10.1007/JHEP03(2013)050",
      eprint         = "1212.6168",
      archivePrefix  = "arXiv",
      primaryClass   = "hep-th",
      SLACcitation   = "%%CITATION = ARXIV:1212.6168;%%"
}

@article{BjerrumBohr:2012mg,
      author         = "Bjerrum-Bohr, N. E. J. and Damgaard, Poul H. and
                        Monteiro, Ricardo and O'Connell, Donal",
      title          = "{Algebras for Amplitudes}",
      journal        = "JHEP",
      volume         = "06",
      year           = "2012",
      pages          = "061",
      doi            = "10.1007/JHEP06(2012)061",
      eprint         = "1203.0944",
      archivePrefix  = "arXiv",
      primaryClass   = "hep-th",
      reportNumber   = "IHES-P-12-03",
      SLACcitation   = "%%CITATION = ARXIV:1203.0944;%%"
}
@article{Monteiro:2011pc,
      author         = "Monteiro, Ricardo and O'Connell, Donal",
      title          = "{The Kinematic Algebra From the Self-Dual Sector}",
      journal        = "JHEP",
      volume         = "07",
      year           = "2011",
      pages          = "007",
      doi            = "10.1007/JHEP07(2011)007",
      eprint         = "1105.2565",
      archivePrefix  = "arXiv",
      primaryClass   = "hep-th",
      SLACcitation   = "%%CITATION = ARXIV:1105.2565;%%"
}

@article{Fu:2014pya,
      author         = "Fu, Chih-Hao and Du, Yi-Jian and Feng, Bo",
      title          = "{Note on symmetric BCJ numerator}",
      journal        = "JHEP",
      volume         = "08",
      year           = "2014",
      pages          = "098",
      doi            = "10.1007/JHEP08(2014)098",
      eprint         = "1403.6262",
      archivePrefix  = "arXiv",
      primaryClass   = "hep-th",
      SLACcitation   = "%%CITATION = ARXIV:1403.6262;%%"
}

@article{Naculich:2014rta,
      author         = "Naculich, Stephen G.",
      title          = "{Scattering equations and virtuous kinematic numerators
                        and dual-trace functions}",
      journal        = "JHEP",
      volume         = "07",
      year           = "2014",
      pages          = "143",
      doi            = "10.1007/JHEP07(2014)143",
      eprint         = "1404.7141",
      archivePrefix  = "arXiv",
      primaryClass   = "hep-th",
      reportNumber   = "BOW-PH-158",
      SLACcitation   = "%%CITATION = ARXIV:1404.7141;%%"
}

@article{Du:2013sha,
      author         = "Du, Yi-Jian and Feng, Bo and Fu, Chih-Hao",
      title          = "{The Construction of Dual-trace Factor in Yang-Mills
                        Theory}",
      journal        = "JHEP",
      volume         = "07",
      year           = "2013",
      pages          = "057",
      doi            = "10.1007/JHEP07(2013)057",
      eprint         = "1304.2978",
      archivePrefix  = "arXiv",
      primaryClass   = "hep-th",
      SLACcitation   = "%%CITATION = ARXIV:1304.2978;%%"
}
@article{Fu:2013qna,
      author         = "Fu, Chih-Hao and Du, Yi-Jian and Feng, Bo",
      title          = "{Note on Construction of Dual-trace Factor in Yang-Mills
                        Theory}",
      journal        = "JHEP",
      volume         = "10",
      year           = "2013",
      pages          = "069",
      doi            = "10.1007/JHEP10(2013)069",
      eprint         = "1305.2996",
      archivePrefix  = "arXiv",
      primaryClass   = "hep-th",
      SLACcitation   = "%%CITATION = ARXIV:1305.2996;%%"
}
%%%%%%%%%%%%%%%%%
@article{Feng:2009ei,
      author         = "Feng, Bo and Wang, Junqi and Wang, Yihong and Zhang,
                        Zhibai",
      title          = "{BCFW Recursion Relation with Nonzero Boundary
                        Contribution}",
      journal        = "JHEP",
      volume         = "01",
      year           = "2010",
      pages          = "019",
      doi            = "10.1007/JHEP01(2010)019",
      eprint         = "0911.0301",
      archivePrefix  = "arXiv",
      primaryClass   = "hep-th",
      SLACcitation   = "%%CITATION = ARXIV:0911.0301;%%"
}
@article{Feng:2010ku,
      author         = "Feng, Bo and Liu, Chang-Yong",
      title          = "{A Note on the boundary contribution with bad deformation
                        in gauge theory}",
      journal        = "JHEP",
      volume         = "07",
      year           = "2010",
      pages          = "093",
      doi            = "10.1007/JHEP07(2010)093",
      eprint         = "1004.1282",
      archivePrefix  = "arXiv",
      primaryClass   = "hep-th",
      SLACcitation   = "%%CITATION = ARXIV:1004.1282;%%"
}
@article{Feng:2011twa,
      author         = "Feng, Bo and Zhang, Zhibai",
      title          = "{Boundary Contributions Using Fermion Pair Deformation}",
      journal        = "JHEP",
      volume         = "12",
      year           = "2011",
      pages          = "057",
      doi            = "10.1007/JHEP12(2011)057",
      eprint         = "1109.1887",
      archivePrefix  = "arXiv",
      primaryClass   = "hep-th",
      SLACcitation   = "%%CITATION = ARXIV:1109.1887;%%"
}
@article{Kiermaier,
      author = "M. Kiermaier",
      title ="talk at Amplitudes 2010, May 2010 at QMUL, London, UK. http://www.strings.ph.qmul.ac.uk/\textasciitilde{}theory/Amplitudes2010/Talks/MK2010.pdf"
}
@article{Huang:2017ydz,
      author         = "Huang, Rijun and Du, Yi-Jian and Feng, Bo",
      title          = "{Understanding the Cancelation of Double Poles in the
                        Pfaffian of CHY-formulism}",
      year           = "2017",
      eprint         = "1702.05840",
      archivePrefix  = "arXiv",
      primaryClass   = "hep-th",
      SLACcitation   = "%%CITATION = ARXIV:1702.05840;%%"
}
@article{Chen:2009tr,
      author         = "Chen, Yi-Xin and Du, Yi-Jian and Ma, Qian",
      title          = "{Relations Between Closed String Amplitudes at
                        Higher-order Tree Level and Open String Amplitudes}",
      journal        = "Nucl. Phys.",
      volume         = "B824",
      year           = "2010",
      pages          = "314-330",
      doi            = "10.1016/j.nuclphysb.2009.09.013",
      eprint         = "0901.1163",
      archivePrefix  = "arXiv",
      primaryClass   = "hep-th",
      SLACcitation   = "%%CITATION = ARXIV:0901.1163;%%"
}
@article{Chen:2010sr,
      author         = "Chen, Yi-Xin and Du, Yi-Jian and Ma, Qian",
      title          = "{Disk relations for tree amplitudes in minimal coupling
                        theory of gauge field and gravity}",
      journal        = "Nucl. Phys.",
      volume         = "B833",
      year           = "2010",
      pages          = "28-45",
      doi            = "10.1016/j.nuclphysb.2010.02.024",
      eprint         = "1001.0060",
      archivePrefix  = "arXiv",
      primaryClass   = "hep-th",
      SLACcitation   = "%%CITATION = ARXIV:1001.0060;%%"
}
@article{Chen:2010ct,
      author         = "Chen, Yi-Xin and Du, Yi-Jian and Feng, Bo",
      title          = "{On tree amplitudes with gluons coupled to gravitons}",
      journal        = "JHEP",
      volume         = "01",
      year           = "2011",
      pages          = "081",
      doi            = "10.1007/JHEP01(2011)081",
      eprint         = "1011.1953",
      archivePrefix  = "arXiv",
      primaryClass   = "hep-th",
      SLACcitation   = "%%CITATION = ARXIV:1011.1953;%%"
}
@article{Stieberger:2014cea,
      author         = "Stieberger, Stephan and Taylor, Tomasz R.",
      title          = "{Graviton as a Pair of Collinear Gauge Bosons}",
      journal        = "Phys. Lett.",
      volume         = "B739",
      year           = "2014",
      pages          = "457-461",
      doi            = "10.1016/j.physletb.2014.10.057",
      eprint         = "1409.4771",
      archivePrefix  = "arXiv",
      primaryClass   = "hep-th",
      reportNumber   = "MPP-2014-343",
      SLACcitation   = "%%CITATION = ARXIV:1409.4771;%%"
}

@article{Adamo:2015gia,
      author         = "Adamo, Tim and Casali, Eduardo and Roehrig, Kai A. and
                        Skinner, David",
      title          = "{On tree amplitudes of supersymmetric Einstein-Yang-Mills
                        theory}",
      journal        = "JHEP",
      volume         = "12",
      year           = "2015",
      pages          = "177",
      doi            = "10.1007/JHEP12(2015)177",
      eprint         = "1507.02207",
      archivePrefix  = "arXiv",
      primaryClass   = "hep-th",
      reportNumber   = "DAMTP-2015-35",
      SLACcitation   = "%%CITATION = ARXIV:1507.02207;%%"
}


@article{Barreiro:2013dpa,
      author         = "Barreiro, Luiz Antonio and Medina, Ricardo",
      title          = "{RNS derivation of N-point disk amplitudes from the
                        revisited S-matrix approach}",
      journal        = "Nucl. Phys.",
      volume         = "B886",
      year           = "2014",
      pages          = "870-951",
      doi            = "10.1016/j.nuclphysb.2014.07.015",
      eprint         = "1310.5942",
      archivePrefix  = "arXiv",
      primaryClass   = "hep-th",
      SLACcitation   = "%%CITATION = ARXIV:1310.5942;%%"
}


@article{Berg:2016fui,
      author         = "Berg, Marcus and Buchberger, Igor and Schlotterer,
                        Oliver",
      title          = "{String-motivated one-loop amplitudes in gauge theories
                        with half-maximal supersymmetry}",
      year           = "2016",
      eprint         = "1611.03459",
      archivePrefix  = "arXiv",
      primaryClass   = "hep-th",
      SLACcitation   = "%%CITATION = ARXIV:1611.03459;%%"
}


@article{Chiodaroli:2015rdg,
      author         = "Chiodaroli, Marco and Gunaydin, Murat and Johansson,
                        Henrik and Roiban, Radu",
      title          = "{Spontaneously Broken Yang-Mills-Einstein Supergravities
                        as Double Copies}",
      journal        = "JHEP",
      volume         = "06",
      year           = "2017",
      pages          = "064",
      doi            = "10.1007/JHEP06(2017)064",
      eprint         = "1511.01740",
      archivePrefix  = "arXiv",
      primaryClass   = "hep-th",
      reportNumber   = "CERN-PH-TH-2015-235",
      SLACcitation   = "%%CITATION = ARXIV:1511.01740;%%"
}


@article{Chiodaroli:2014xia,
      author         = "Chiodaroli, Marco and Günaydin, Murat and Johansson,
                        Henrik and Roiban, Radu",
      title          = "{Scattering amplitudes in $ \mathcal{N}=2 $
                        Maxwell-Einstein and Yang-Mills/Einstein supergravity}",
      journal        = "JHEP",
      volume         = "01",
      year           = "2015",
      pages          = "081",
      doi            = "10.1007/JHEP01(2015)081",
      eprint         = "1408.0764",
      archivePrefix  = "arXiv",
      primaryClass   = "hep-th",
      reportNumber   = "AEI-2014-033, CERN-PH-TH-2014-141, IGC-14-8-1",
      SLACcitation   = "%%CITATION = ARXIV:1408.0764;%%"
}

@article{Carrasco:2016ygv,
      author         = "Carrasco, John Joseph M. and Mafra, Carlos R. and
                        Schlotterer, Oliver",
      title          = "{Semi-abelian Z-theory: NLSM+phi\^{} 3 from the open string}",
      year           = "2016",
      eprint         = "1612.06446",
      archivePrefix  = "arXiv",
      primaryClass   = "hep-th",
      SLACcitation   = "%%CITATION = ARXIV:1612.06446;%%"
}
@article{Fu:2017uzt,
      author         = "Fu, Chih-Hao and Du, Yi-Jian and Huang, Rijun and Feng,
                        Bo",
      title          = "{Expansion of Einstein-Yang-Mills Amplitude}",
      journal        = "JHEP",
      volume         = "09",
      year           = "2017",
      pages          = "021",
      doi            = "10.1007/JHEP09(2017)021",
      eprint         = "1702.08158",
      archivePrefix  = "arXiv",
      primaryClass   = "hep-th",
      SLACcitation   = "%%CITATION = ARXIV:1702.08158;%%"
}
@article{Teng:2017tbo,
      author         = "Teng, Fei and Feng, Bo",
      title          = "{Expanding Einstein-Yang-Mills by Yang-Mills in CHY
                        frame}",
      journal        = "JHEP",
      volume         = "05",
      year           = "2017",
      pages          = "075",
      doi            = "10.1007/JHEP05(2017)075",
      eprint         = "1703.01269",
      archivePrefix  = "arXiv",
      primaryClass   = "hep-th",
      SLACcitation   = "%%CITATION = ARXIV:1703.01269;%%"
}
@article{Du:2017kpo,
      author         = "Du, Yi-Jian and Teng, Fei",
      title          = "{BCJ numerators from reduced Pfaffian}",
      journal        = "JHEP",
      volume         = "04",
      year           = "2017",
      pages          = "033",
      doi            = "10.1007/JHEP04(2017)033",
      eprint         = "1703.05717",
      archivePrefix  = "arXiv",
      primaryClass   = "hep-th",
      SLACcitation   = "%%CITATION = ARXIV:1703.05717;%%"
}
@article{Du:2017gnh,
      author         = "Du, Yi-Jian and Feng, Bo and Teng, Fei",
      title          = "{Expansion of All Multitrace Tree Level EYM Amplitudes}",
      year           = "2017",
      eprint         = "1708.04514",
      archivePrefix  = "arXiv",
      primaryClass   = "hep-th",
      SLACcitation   = "%%CITATION = ARXIV:1708.04514;%%"
}
@article{Chen:2013fya,
      author         = "Chen, Gang and Du, Yi-Jian",
      title          = "{Amplitude Relations in Non-linear Sigma Model}",
      journal        = "JHEP",
      volume         = "01",
      year           = "2014",
      pages          = "061",
      doi            = "10.1007/JHEP01(2014)061",
      eprint         = "1311.1133",
      archivePrefix  = "arXiv",
      primaryClass   = "hep-th",
      SLACcitation   = "%%CITATION = ARXIV:1311.1133;%%"
}
@article{Teng:2017tbo,
      author         = "Teng, Fei and Feng, Bo",
      title          = "{Expanding Einstein-Yang-Mills by Yang-Mills in CHY
                        frame}",
      journal        = "JHEP",
      volume         = "05",
      year           = "2017",
      pages          = "075",
      doi            = "10.1007/JHEP05(2017)075",
      eprint         = "1703.01269",
      archivePrefix  = "arXiv",
      primaryClass   = "hep-th",
      SLACcitation   = "%%CITATION = ARXIV:1703.01269;%%"
}
@article{Carrasco:2016ldy,
      author         = "Carrasco, John Joseph M. and Mafra, Carlos R. and
                        Schlotterer, Oliver",
      title          = "{Abelian Z-theory: NLSM amplitudes and
                        $\alpha$'-corrections from the open string}",
      journal        = "JHEP",
      volume         = "06",
      year           = "2017",
      pages          = "093",
      doi            = "10.1007/JHEP06(2017)093",
      eprint         = "1608.02569",
      archivePrefix  = "arXiv",
      primaryClass   = "hep-th",
      SLACcitation   = "%%CITATION = ARXIV:1608.02569;%%"
}
@article{Carrasco:2016ldy,
      author         = "Carrasco, John Joseph M. and Mafra, Carlos R. and
                        Schlotterer, Oliver",
      title          = "{Abelian Z-theory: NLSM amplitudes and
                        $\alpha$'-corrections from the open string}",
      journal        = "JHEP",
      volume         = "06",
      year           = "2017",
      pages          = "093",
      doi            = "10.1007/JHEP06(2017)093",
      eprint         = "1608.02569",
      archivePrefix  = "arXiv",
      primaryClass   = "hep-th",
      SLACcitation   = "%%CITATION = ARXIV:1608.02569;%%"
}
@article{Ma:2011um,
      author         = "Ma, Qian and Du, Yi-Jian and Chen, Yi-Xin",
      title          = "{On Primary Relations at Tree-level in String Theory and
                        Field Theory}",
      journal        = "JHEP",
      volume         = "02",
      year           = "2012",
      pages          = "061",
      doi            = "10.1007/JHEP02(2012)061",
      eprint         = "1109.0685",
      archivePrefix  = "arXiv",
      primaryClass   = "hep-th",
      SLACcitation   = "%%CITATION = ARXIV:1109.0685;%%"
}
@article{Chiodaroli:2017ngp,
      author         = "Chiodaroli, Marco and Gunaydin, Murat and Johansson,
                        Henrik and Roiban, Radu",
      title          = "{Explicit Formulae for Yang-Mills-Einstein Amplitudes
                        from the Double Copy}",
      journal        = "JHEP",
      volume         = "07",
      year           = "2017",
      pages          = "002",
      doi            = "10.1007/JHEP07(2017)002",
      eprint         = "1703.00421",
      archivePrefix  = "arXiv",
      primaryClass   = "hep-th",
      reportNumber   = "UUITP-07-17, NORDITA-2017-19",
      SLACcitation   = "%%CITATION = ARXIV:1703.00421;%%"
}
@article{DelDuca:1999rs,
      author         = "Del Duca, Vittorio and Dixon, Lance J. and Maltoni,
                        Fabio",
      title          = "New color decompositions for gauge amplitudes at tree
                        and loop level",
      journal        = "Nucl. Phys. B",
      volume         = "571",
      pages          = "51-70",
      doi            = "10.1016/S0550-3213(99)00809-3",
      year           = "2000",
      eprint         = "hep-ph/9910563",
      archivePrefix  = "arXiv",
      primaryClass   = "hep-ph",
      reportNumber   = "SLAC-PUB-8294, DFTT-53-99",
      SLACcitation   = "%%CITATION = HEP-PH/9910563;%%",
}
@article{Bern:1998ug,
      author         = "Bern, Z. and Dixon, Lance J. and Dunbar, D. C. and
                        Perelstein, M. and Rozowsky, J. S.",
      title          = "{On the relationship between Yang-Mills theory and
                        gravity and its implication for ultraviolet divergences}",
      journal        = "Nucl. Phys.",
      volume         = "B530",
      year           = "1998",
      pages          = "401-456",
      doi            = "10.1016/S0550-3213(98)00420-9",
      eprint         = "hep-th/9802162",
      archivePrefix  = "arXiv",
      primaryClass   = "hep-th",
      reportNumber   = "SLAC-PUB-7751, UCLA-98-TEP-03, SWAT-98-183",
      SLACcitation   = "%%CITATION = HEP-TH/9802162;%%"
}
@article{Arkani-Hamed:2016rak,
      author         = "Arkani-Hamed, Nima and Rodina, Laurentiu and Trnka,
                        Jaroslav",
      title          = "{Locality and Unitarity of Scattering Amplitudes from
                        Singularities and Gauge Invariance}",
      journal        = "Phys. Rev. Lett.",
      volume         = "120",
      year           = "2018",
      number         = "23",
      pages          = "231602",
      doi            = "10.1103/PhysRevLett.120.231602",
      eprint         = "1612.02797",
      archivePrefix  = "arXiv",
      primaryClass   = "hep-th",
      SLACcitation   = "%%CITATION = ARXIV:1612.02797;%%"
}
@article{Boels:2017gyc,
      author         = "Boels, Rutger H. and Luo, Hui",
      title          = "{A minimal approach to the scattering of physical
                        massless bosons}",
      journal        = "JHEP",
      volume         = "05",
      year           = "2018",
      pages          = "063",
      doi            = "10.1007/JHEP05(2018)063",
      eprint         = "1710.10208",
      archivePrefix  = "arXiv",
      primaryClass   = "hep-th",
      SLACcitation   = "%%CITATION = ARXIV:1710.10208;%%"
}
@article{Boels:2016xhc,
      author         = "Boels, Rutger H. and Medina, Ricardo",
      title          = "{Graviton and gluon scattering from first principles}",
      journal        = "Phys. Rev. Lett.",
      volume         = "118",
      year           = "2017",
      number         = "6",
      pages          = "061602",
      doi            = "10.1103/PhysRevLett.118.061602",
      eprint         = "1607.08246",
      archivePrefix  = "arXiv",
      primaryClass   = "hep-th",
      SLACcitation   = "%%CITATION = ARXIV:1607.08246;%%"
}
@article{Boels:2017gyc,
      author         = "Boels, Rutger H. and Luo, Hui",
      title          = "{A minimal approach to the scattering of physical
                        massless bosons}",
      journal        = "JHEP",
      volume         = "05",
      year           = "2018",
      pages          = "063",
      doi            = "10.1007/JHEP05(2018)063",
      eprint         = "1710.10208",
      archivePrefix  = "arXiv",
      primaryClass   = "hep-th",
      SLACcitation   = "%%CITATION = ARXIV:1710.10208;%%"
}
@article{Boels:2018nrr,
      author         = "Boels, Rutger H. and Jin, Qingjun and Luo, Hui",
      title          = "{Efficient integrand reduction for particles with spin}",
      year           = "2018",
      eprint         = "1802.06761",
      archivePrefix  = "arXiv",
      primaryClass   = "hep-ph",
      reportNumber   = "MITP-18-013",
      SLACcitation   = "%%CITATION = ARXIV:1802.06761;%%"
}
@article{Chiodaroli:2017ngp,
      author         = "Chiodaroli, Marco and Gunaydin, Murat and Johansson,
                        Henrik and Roiban, Radu",
      title          = "{Explicit Formulae for Yang-Mills-Einstein Amplitudes
                        from the Double Copy}",
      journal        = "JHEP",
      volume         = "07",
      year           = "2017",
      pages          = "002",
      doi            = "10.1007/JHEP07(2017)002",
      eprint         = "1703.00421",
      archivePrefix  = "arXiv",
      primaryClass   = "hep-th",
      reportNumber   = "UUITP-07-17, NORDITA-2017-19",
      SLACcitation   = "%%CITATION = ARXIV:1703.00421;%%"
}
@article{Du:2018khm,
      author         = "Du, Yi-Jian and Zhang, Yong",
      title          = "{Gauge invariance induced relations and the equivalence
                        between distinct approaches to NLSM amplitudes}",
      journal        = "JHEP",
      volume         = "07",
      year           = "2018",
      pages          = "177",
      doi            = "10.1007/JHEP07(2018)177",
      eprint         = "1803.01701",
      archivePrefix  = "arXiv",
      primaryClass   = "hep-th",
      SLACcitation   = "%%CITATION = ARXIV:1803.01701;%%"
}
@article{Lam:2018tgm,
      author         = "Lam, C. S.",
      title          = "{Pfaffian Diagrams for Gluon Tree Amplitudes}",
      year           = "2018",
      eprint         = "1808.07575",
      archivePrefix  = "arXiv",
      primaryClass   = "hep-th",
      SLACcitation   = "%%CITATION = ARXIV:1808.07575;%%"
}
@article{Hodges:2012ym,
      author         = "Hodges, Andrew",
      title          = "{A simple formula for gravitational MHV amplitudes}",
      year           = "2012",
      eprint         = "1204.1930",
      archivePrefix  = "arXiv",
      primaryClass   = "hep-th",
      SLACcitation   = "%%CITATION = ARXIV:1204.1930;%%"
}
@article{Nguyen:2009jk,
      author         = "Nguyen, Dung and Spradlin, Marcus and Volovich, Anastasia
                        and Wen, Congkao",
      title          = "{The Tree Formula for MHV Graviton Amplitudes}",
      journal        = "JHEP",
      volume         = "07",
      year           = "2010",
      pages          = "045",
      doi            = "10.1007/JHEP07(2010)045",
      eprint         = "0907.2276",
      archivePrefix  = "arXiv",
      primaryClass   = "hep-th",
      reportNumber   = "BROWN-HET-1584",
      SLACcitation   = "%%CITATION = ARXIV:0907.2276;%%"
}
@article{Feng:2012sy,
      author         = "Feng, Bo and He, Song",
      title          = "{Graphs, determinants and gravity amplitudes}",
      journal        = "JHEP",
      volume         = "10",
      year           = "2012",
      pages          = "121",
      doi            = "10.1007/JHEP10(2012)121",
      eprint         = "1207.3220",
      archivePrefix  = "arXiv",
      primaryClass   = "hep-th",
      reportNumber   = "AEI-2012-068",
      %SLACcitation   = "%%CITATION = ARXIV:1207.3220;%%"
}
@article{ChenToAppear,
      author         = "Gang, Chen and Henrik, Johansson and Fei, Teng and Tianheng, Wang",
      title          = "{Kinematic algebra for BCJ numerators beyond the MHV sector,~to appear}".
      %journal        = "JHEP",
      %volume         = "10",
      %year           = "to appear"
      %pages          = "121",
      %doi            = "10.1007/JHEP10(2012)121",
      %eprint         = "",
      %archivePrefix  = "",
      %primaryClass   = "hep-th",
      %reportNumber   = "AEI-2012-068",
      %SLACcitation   = "%%CITATION = ARXIV:1207.3220;%%"
}
@article{Hou:2018bwm,
      author         = "Hou, Linghui and Du, Yi-Jian",
      title          = "{A graphic approach to gauge invariance induced
                        identity}",
      journal        = "JHEP",
      volume         = "05",
      year           = "2019",
      pages          = "012",
      doi            = "10.1007/JHEP05(2019)012",
      eprint         = "1811.12653",
      archivePrefix  = "arXiv",
      primaryClass   = "hep-th",
      SLACcitation   = "%%CITATION = ARXIV:1811.12653;%%"
}
